@inproceedings{castells2004neptuno,
  title={Neptuno: Semantic web technologies for a digital newspaper archive},
  author={Castells, Pablo and Perdrix, Ferran and Pulido, E and Rico, Mariano and Benjamins, R and Contreras, Jes{\'u}s and Lor{\'e}s, J},
  booktitle={European Semantic Web Symposium},
  pages={445--458},
  year={2004},
  organization={Springer}
}

@article{fernandez2010news,
  title={The NEWS ontology: Design and applications},
  author={Fern{\'a}ndez, Norberto and Fuentes, Damaris and S{\'a}nchez, Luis and Fisteus, Jes{\'u}s A},
  journal={Expert Systems with Applications},
  volume={37},
  number={12},
  pages={8694--8704},
  year={2010},
  publisher={Elsevier}
}

@inproceedings{leban2014event,
  title={Event registry: learning about world events from news},
  author={Leban, Gregor and Fortuna, Blaz and Brank, Janez and Grobelnik, Marko},
  booktitle={Proceedings of the 23rd International Conference on World Wide Web},
  pages={107--110},
  year={2014}
}

@article{berven2020knowledge,
  title={A knowledge-graph platform for newsrooms},
  author={Berven, Arne and Christensen, Ole A and Moldeklev, Sindre and Opdahl, Andreas L and Villanger, Kjetil J},
  journal={Computers in Industry},
  volume={123},
  pages={103321},
  year={2020},
  publisher={Elsevier}
}

@article{vossen2016newsreader,
  title={Newsreader: Using knowledge resources in a cross-lingual reading machine to generate more knowledge from massive streams of news},
  author={Vossen, Piek and Agerri, Rodrigo and Aldabe, Itziar and Cybulska, Agata and van Erp, Marieke and Fokkens, Antske and Laparra, Egoitz and Minard, Anne-Lyse and Aprosio, Alessio Palmero and Rigau, German and others},
  journal={Knowledge-Based Systems},
  volume={110},
  pages={60--85},
  year={2016},
  publisher={Elsevier}
}

@inproceedings{liu2017reuters,
  title={Reuters tracer: Toward automated news production using large scale social media data},
  author={Liu, Xiaomo and Nourbakhsh, Armineh and Li, Quanzhi and Shah, Sameena and Martin, Robert and Duprey, John},
  booktitle={2017 IEEE International Conference on Big Data (Big Data)},
  pages={1483--1493},
  year={2017},
  organization={IEEE}
}

@inproceedings{germann2018integrating,
  title={Integrating multiple NLP technologies into an open-source platform for multilingual media monitoring},
  author={Germann, Ulrich and Liepins, Ren{\=a}rs and Gosko, Didzis and Barzdins, Guntis},
  booktitle={Proceedings of Workshop for NLP Open Source Software (NLP-OSS)},
  pages={47--51},
  year={2018}
}

@inproceedings{liu2019news,
  title={News Graph: An Enhanced Knowledge Graph for News Recommendation.},
  author={Liu, Danyang and Bai, Ting and Lian, Jianxun and Zhao, Xin and Sun, Guangzhong and Wen, Ji-Rong and Xie, Xing},
  booktitle={KaRS@ CIKM},
  pages={1--7},
  year={2019}
}

@inproceedings{rudnik2019searching,
  title={Searching news articles using an event knowledge graph leveraged by wikidata},
  author={Rudnik, Charlotte and Ehrhart, Thibault and Ferret, Olivier and Teyssou, Denis and Troncy, Rapha{\"e}l and Tannier, Xavier},
  booktitle={Companion Proceedings of The 2019 World Wide Web Conference},
  pages={1232--1239},
  year={2019}
}
