@misc{ek-proposal,
  title={A Domain-Specific Knowledge Graph for News Item Recommendations and Information Retrieval},
  author={Christopher Eaves-Kohlbrenner},
  publisher={Birkbeck, University of London},
  year={2021}
}

@misc{neo4j-kg-tutorial,
  title={Build a Knowledge Graph using NLP and Ontologies},
  publisher={Neo4j},
  author={Barrasa, Jes√∫s and Needham, Mark},
  year={2020},
  url={\url{https://neo4j.com/developer/graph-data-science/build-knowledge-graph-nlp-ontologies}}
}

@misc{reuters-corpora,
  title={Reuters Corpora (RCV1, RCV2, TRC2)},
  author={National Institute of Standards and Technology (NIST)},
  howpublished={\url{https://trec.nist.gov/data/reuters/reuters.html}}
}

@misc{reuters-21578,
  title={Reuters-21578, Distribution 1.0"},
  author={Reuters},
  howpublished={Made available via UCI: \url{https://archive.ics.uci.edu/ml/datasets/reuters-21578+text+categorization+collection}}
}

@article{lewis2004rcv1,
  title={RCV1: A new benchmark collection for text categorization research},
  author={Lewis, David D and Yang, Yiming and Russell-Rose, Tony and Li, Fan},
  journal={Journal of machine learning research},
  volume={5},
  number={Apr},
  pages={361--397},
  year={2004},
  publisher={Goldsmiths, University of London}
}

@inproceedings{castells2004neptuno,
  title={Neptuno: Semantic web technologies for a digital newspaper archive},
  author={Castells, Pablo and Perdrix, Ferran and Pulido, E and Rico, Mariano and Benjamins, R and Contreras, Jes{\'u}s and Lor{\'e}s, J},
  booktitle={European Semantic Web Symposium},
  pages={445--458},
  year={2004},
  organization={Springer}
}



% from proposal.tex, can delete some of these...

@article{fernandez2010news,
  title={The NEWS ontology: Design and applications},
  author={Fern{\'a}ndez, Norberto and Fuentes, Damaris and S{\'a}nchez, Luis and Fisteus, Jes{\'u}s A},
  journal={Expert Systems with Applications},
  volume={37},
  number={12},
  pages={8694--8704},
  year={2010},
  publisher={Elsevier}
}

@inproceedings{leban2014event,
  title={Event registry: learning about world events from news},
  author={Leban, Gregor and Fortuna, Blaz and Brank, Janez and Grobelnik, Marko},
  booktitle={Proceedings of the 23rd International Conference on World Wide Web},
  pages={107--110},
  year={2014}
}

@article{berven2020knowledge,
  title={A knowledge-graph platform for newsrooms},
  author={Berven, Arne and Christensen, Ole A and Moldeklev, Sindre and Opdahl, Andreas L and Villanger, Kjetil J},
  journal={Computers in Industry},
  volume={123},
  pages={103321},
  year={2020},
  publisher={Elsevier}
}

@article{vossen2016newsreader,
  title={Newsreader: Using knowledge resources in a cross-lingual reading machine to generate more knowledge from massive streams of news},
  author={Vossen, Piek and Agerri, Rodrigo and Aldabe, Itziar and Cybulska, Agata and van Erp, Marieke and Fokkens, Antske and Laparra, Egoitz and Minard, Anne-Lyse and Aprosio, Alessio Palmero and Rigau, German and others},
  journal={Knowledge-Based Systems},
  volume={110},
  pages={60--85},
  year={2016},
  publisher={Elsevier}
}

@inproceedings{liu2017reuters,
  title={Reuters tracer: Toward automated news production using large scale social media data},
  author={Liu, Xiaomo and Nourbakhsh, Armineh and Li, Quanzhi and Shah, Sameena and Martin, Robert and Duprey, John},
  booktitle={2017 IEEE International Conference on Big Data (Big Data)},
  pages={1483--1493},
  year={2017},
  organization={IEEE}
}

@inproceedings{germann2018integrating,
  title={Integrating multiple NLP technologies into an open-source platform for multilingual media monitoring},
  author={Germann, Ulrich and Liepins, Ren{\=a}rs and Gosko, Didzis and Barzdins, Guntis},
  booktitle={Proceedings of Workshop for NLP Open Source Software (NLP-OSS)},
  pages={47--51},
  year={2018}
}

@inproceedings{liu2019news,
  title={News Graph: An Enhanced Knowledge Graph for News Recommendation.},
  author={Liu, Danyang and Bai, Ting and Lian, Jianxun and Zhao, Xin and Sun, Guangzhong and Wen, Ji-Rong and Xie, Xing},
  booktitle={KaRS@ CIKM},
  pages={1--7},
  year={2019}
}

@inproceedings{rudnik2019searching,
  title={Searching news articles using an event knowledge graph leveraged by wikidata},
  author={Rudnik, Charlotte and Ehrhart, Thibault and Ferret, Olivier and Teyssou, Denis and Troncy, Rapha{\"e}l and Tannier, Xavier},
  booktitle={Companion Proceedings of The 2019 World Wide Web Conference},
  pages={1232--1239},
  year={2019}
}

@article{wang2017knowledge,
  title={Knowledge graph embedding: A survey of approaches and applications},
  author={Wang, Quan and Mao, Zhendong and Wang, Bin and Guo, Li},
  journal={IEEE Transactions on Knowledge and Data Engineering},
  volume={29},
  number={12},
  pages={2724--2743},
  year={2017},
  publisher={IEEE}
}

@inproceedings{45634,
  title = {Knowledge Vault: A Web-Scale Approach to Probabilistic Knowledge Fusion},
  author  = {Xin Luna Dong and Evgeniy Gabrilovich and Geremy Heitz and Wilko Horn and Ni Lao and Kevin Murphy and Thomas Strohmann and Shaohua Sun and Wei Zhang},
  year  = {2014},
  URL = {http://www.cs.cmu.edu/~nlao/publication/2014.kdd.pdf},
  note  = {Evgeniy Gabrilovich
  Wilko Horn
  Ni Lao
  Kevin Murphy
  Thomas Strohmann
  Shaohua Sun
  Wei Zhang
  Geremy Heitz},
  booktitle = {The 20th {ACM} {SIGKDD} International Conference on Knowledge Discovery  and Data Mining, {KDD} '14, New York, NY, {USA} - August 24 - 27,  2014},
  pages = {601--610}
}

@article{nickel2015review,
  title={A review of relational machine learning for knowledge graphs},
  author={Nickel, Maximilian and Murphy, Kevin and Tresp, Volker and Gabrilovich, Evgeniy},
  journal={Proceedings of the IEEE},
  volume={104},
  number={1},
  pages={11--33},
  year={2015},
  publisher={IEEE}
}

@article{zhao2018architecture,
  title={Architecture of knowledge graph construction techniques},
  author={Zhao, Zhanfang and Han, Sung-Kook and So, In-Mi},
  journal={International Journal of Pure and Applied Mathematics},
  volume={118},
  number={19},
  pages={1869--1883},
  year={2018}
}

@article{farber2015comparative,
  title={A comparative survey of dbpedia, freebase, opencyc, wikidata, and yago},
  author={F{\"a}rber, Michael and Ell, Basil and Menne, Carsten and Rettinger, Achim},
  journal={Semantic Web Journal},
  volume={1},
  number={1},
  pages={1--5},
  year={2015}
}
